<record xmlns='http://www.loc.gov/MARC21/slim'><leader>01623cgm a2200337 a 4500</leader><controlfield tag='001'>2830172</controlfield><controlfield tag='005'>20141211213245.0</controlfield><controlfield tag='007'>vf|cbahou</controlfield><controlfield tag='008'>920602s1990    xx 352 e          vleng d</controlfield><datafield ind1=' ' ind2=' ' tag='035'><subfield code='a'>(NIC)notisANX9089</subfield></datafield><datafield ind1=' ' ind2=' ' tag='035'><subfield code='a'>(OCoLC)64045925</subfield></datafield><datafield ind1=' ' ind2=' ' tag='035'><subfield code='a'>2830172</subfield></datafield><datafield ind1=' ' ind2=' ' tag='040'><subfield code='a'>NIC</subfield><subfield code='c'>NIC</subfield><subfield code='d'>NIC</subfield></datafield><datafield ind1='0' ind2='0' tag='245'><subfield code='a'>My search for Africa</subfield><subfield code='h'>[videorecording] /</subfield><subfield code='c'>John Henrik Clarke ; [Cornell University, Africana Studies and Research Center].</subfield></datafield><datafield ind1=' ' ind2=' ' tag='260'><subfield code='c'>1990.</subfield></datafield><datafield ind1=' ' ind2=' ' tag='300'><subfield code='a'>3 videocassettes (352 min.) :</subfield><subfield code='b'>sd., col. ;</subfield><subfield code='c'>1/2 in.</subfield></datafield><datafield ind1=' ' ind2=' ' tag='538'><subfield code='a'>VHS.</subfield></datafield><datafield ind1=' ' ind2=' ' tag='500'><subfield code='a'>Title from data sheet.</subfield></datafield><datafield ind1=' ' ind2=' ' tag='518'><subfield code='a'>Videotaped at Cornell University, Africana Studies and Research Center in March 1990.</subfield></datafield><datafield ind1=' ' ind2=' ' tag='500'><subfield code='a'>Part 1 (111 min.); part 2 (123 min.); part 3 (118 min.).</subfield></datafield><datafield ind1=' ' ind2=' ' tag='520'><subfield code='a'>John Henrik Clarke discusses early awareness of Africana studies in the higher education including his own debates with more contemporary scholars, as well as international attention to the study of African history. Also recounts his teaching experiences at Cornell University and Hunter College.</subfield></datafield><datafield ind1=' ' ind2='0' tag='650'><subfield code='a'>African Americans</subfield><subfield code='x'>Study and teaching (Higher)</subfield></datafield><datafield ind1=' ' ind2='0' tag='650'><subfield code='a'>African Americans.</subfield></datafield><datafield ind1='1' ind2='0' tag='600'><subfield code='a'>Clarke, John Henrik,</subfield><subfield code='d'>1915-1998.</subfield></datafield><datafield ind1='1' ind2='7' tag='600'><subfield code='a'>Clarke, John Henrik,</subfield><subfield code='d'>1915-1998</subfield><subfield code='2'>fast</subfield><subfield code='0'>(OCoLC)fst01716605</subfield></datafield><datafield ind1=' ' ind2='7' tag='650'><subfield code='a'>African Americans</subfield><subfield code='2'>fast</subfield><subfield code='0'>(OCoLC)fst00799558</subfield></datafield><datafield ind1=' ' ind2='7' tag='650'><subfield code='a'>African Americans</subfield><subfield code='x'>Study and teaching (Higher)</subfield><subfield code='2'>fast</subfield><subfield code='0'>(OCoLC)fst00799710</subfield></datafield><datafield ind1='1' ind2=' ' tag='700'><subfield code='a'>Clarke, John Henrik,</subfield><subfield code='d'>1915-1998.</subfield></datafield><datafield ind1='2' ind2=' ' tag='710'><subfield code='a'>Cornell University.</subfield><subfield code='b'>Africana Studies and Research Center.</subfield></datafield><datafield ind1=' ' ind2=' ' tag='905'><subfield code='a'>19980511120000.0</subfield></datafield><datafield ind1='2' ind2=' ' tag='948'><subfield code='a'>20141211</subfield><subfield code='b'>m</subfield><subfield code='d'>batch</subfield><subfield code='e'>lts</subfield><subfield code='x'>addfast</subfield></datafield></record>